@book{Beck:Test-Driven-Development,
    author={Kent Beck},
    title={Test-Driven Development},
    publisher={Addison-Wesley},
    isbn={0-321-14653-0},
    month={October},
    year={2009}, 
    language={English}
}
@book{Fowler:Refactoring,
      author={Martin Fowler},
      title={Refactoring oder: Wie Sie das Design vorhandener Software
      verbessern}, publisher={Addison-Wesley},
      isbn={3-8273-1630-8},
      year={2000},
      language={German}
}
@book{Weilkiens:SystemsEngineering,
      author={Tim Weilkiens},
      title={Systems Engineering mit SysML/UML}, 
      publisher={dpunkt.verlag},
      isbn={3-89864-409-X},
      year={2006},
      language={German}
}